<record xmlns="http://www.loc.gov/MARC21/slim" xmlns:xsi="http://www.w3.org/2001/XMLSchema-instance" xsi:schemaLocation="http://www.loc.gov/MARC21/slim http://www.loc.gov/standards/marcxml/schema/MARC21slim.xsd"><leader>01608nam a2200325   4500</leader><controlfield tag="001">002046845</controlfield><controlfield tag="003">NNU</controlfield><controlfield tag="006">m        d        </controlfield><controlfield tag="007">cr cn |||m|||a</controlfield><controlfield tag="008">140707s1952    ua      ob    000 0 ara d</controlfield><datafield ind1=" " ind2=" " tag="040"><subfield code="a">NNU</subfield><subfield code="b">eng</subfield><subfield code="c">NNU</subfield></datafield><datafield ind1="1" ind2=" " tag="100"><subfield code="a">K&#257;sh&#299;, Ya&#7717;y&#225; ibn A&#7717;mad.</subfield></datafield><datafield ind1="1" ind2="0" tag="245"><subfield code="a">Nukat f&#299; a&#7717;w&#257;l al-Shaykh al-Ra&#700;&#299;s Ibn S&#299;n&#257;</subfield><subfield code="h">[electronic resource] /</subfield><subfield code="c">li-Ya&#7717;y&#225; ibn A&#7717;mad al-K&#257;sh&#299; ; ta&#7717;q&#299;q A&#7717;mad Fu&#700;&#257;d al-Ahw&#257;n&#299;.</subfield></datafield><datafield ind1=" " ind2=" " tag="260"><subfield code="a">al-Q&#257;hirah :</subfield><subfield code="b">al-Ma&#699;had al-&#699;Ilm&#299; al-Farans&#299; lil-&#256;th&#257;r al-Sharq&#299;yah bi-al-Q&#257;hirah,</subfield><subfield code="c">1952.</subfield></datafield><datafield ind1=" " ind2=" " tag="300"><subfield code="a">online resource (35 p.)</subfield></datafield><datafield ind1="1" ind2=" " tag="490"><subfield code="a">Mansh&#363;r&#257;t al-Ma&#699;had al-&#699;Ilm&#299; al-Farans&#299; lil-&#256;th&#257;r al-Sharq&#299;yah bi-al-Q&#257;hirah</subfield></datafield><datafield ind1="1" ind2=" " tag="490"><subfield code="a">Dhikr&#225; ibn S&#299;n&#257; ;</subfield><subfield code="v">3</subfield></datafield><datafield ind1=" " ind2=" " tag="500"><subfield code="a">Title on added t.p.: Aper&#231;u sur la biographie d'Avicenne.</subfield></datafield><datafield ind1=" " ind2=" " tag="500"><subfield code="a">Part of the Arabic Collections Online (ACO) project, contributed by New York Univeristy Libraries.</subfield></datafield><datafield ind1=" " ind2=" " tag="533"><subfield code="a">Electronic reproduction.</subfield><subfield code="b">New York, N.Y. :</subfield><subfield code="c">New York University,</subfield><subfield code="d">2014.</subfield><subfield code="5">NNU</subfield></datafield><datafield ind1="0" ind2="0" tag="600"><subfield code="a">Avicenna,</subfield><subfield code="d">980-1037.</subfield></datafield><datafield ind1="1" ind2=" " tag="700"><subfield code="a">Ahw&#257;n&#299;, A&#7717;mad Fu&#700;&#257;d,</subfield><subfield code="d">d. 1970.</subfield></datafield><datafield ind1="2" ind2=" " tag="710"><subfield code="a">New York University.</subfield><subfield code="b">Libraries.</subfield></datafield><datafield ind1="0" ind2=" " tag="730"><subfield code="a">Arabic Collections Online.</subfield></datafield><datafield ind1="0" ind2=" " tag="740"><subfield code="a">Aper&#231;u sur la biographie d'Avicenne.</subfield></datafield><datafield ind1="0" ind2="8" tag="776"><subfield code="i">Print version:</subfield><subfield code="a">K&#257;sh&#299;, Ya&#7717;y&#225; ibn A&#7717;mad.</subfield><subfield code="t">Nukat f&#299; a&#7717;w&#257;l al-Shaykh al-Ra&#700;&#299;s Ibn S&#299;n&#257;</subfield><subfield code="w">(NNU)002046845</subfield></datafield><datafield ind1=" " ind2="0" tag="830"><subfield code="a">M&#233;morial Avicenne ;</subfield><subfield code="v">3.</subfield></datafield><datafield ind1=" " ind2="0" tag="830"><subfield code="a">Publications de l'Institut fran&#231;ais d'arch&#233;ologie orientale du Caire</subfield></datafield><datafield ind1="4" ind2="0" tag="856"><subfield code="u">http://hdl.handle.net/2333.1/7pvmcx6m</subfield></datafield><datafield ind1=" " ind2=" " tag="959"><subfield code="a">NNU</subfield><subfield code="b">WEB</subfield><subfield code="c">GENI</subfield><subfield code="t">0</subfield><subfield code="m">Electronic access</subfield><subfield code="s">01</subfield></datafield></record>